@article{Mortensen_et_al_2011,
  title = {A FEniCS-Based Programming Framework for Modeling Turbulent Flow by the {Reynolds}-Averaged {Navier-Stokes} Equations},
  author = {M. Mortensen and H. P. Langtangen and G. N. Wells},
  year = {2011},
  journal = {Advances in Water Resources},
  volume = {34},
  number = {9},
  doi = {10.1016/j.advwatres.2011.02.013},
}

@article{Langtangen_et_al_2002,
  title = {Numerical Methods for Incompressible Viscous Flow},
  author = {H. P. Langtangen and K.-A. Mardal and R. Winther},
  year = {2002},
  journal = {Advances in Water Resources},
  volume = {25},
  pages = {1125-1146},
}

@article{Glimsdal_et_al_20006,
  title = {Propagation of the {Dec.~26}, 2004 {Indian Ocean Tsunami}: Effects of Dispersion and Source Characteristics},
  author = {S. Glimsdal and G. Pedersen and K. Atakan and C. B. Harbitz and H. P. Langtangen and F. L{\o}vholt},
  year = {2006},
  journal = {International Journal of Fluid Mechanics Research},
  volume = {33},
  number = {1},
  pages = {15--43},
}

@book{Langtangen_2012,
  title = {{P}ython Scripting for Computational Science},
  author = {H. P. Langtangen},
  year = {2012},
  publisher = {Springer},
  series = {Texts in Computational Science and Engineering},
  edition = {Third},
}

@inproceedings{Mardal_et_al_2003a,
  title = {Software Tools for Multigrid Methods},
  author = {K.-A. Mardal and G. W. Zumbusch and H. P. Langtangen},
  editor = {H. P. Langtangen and A. Tveito},
  year = {2003},
  booktitle = {Advanced Topics in Computational Partial Differential Equations -- Numerical Methods and Diffpack Programming},
  publisher = {Springer},
  pages = {97-152},
  series = {Lecture Notes in Computational Science and Engineering},
}

@techreport{Jeberg_et_al_2004,
  title = {Optimization With {Diffpack}: Practical Example From Welding},
  author = {P. V. Jeberg and H. P. Langtangen and C. B. Terp},
  year = {2004},
  institution = {Simula Research Laboratory},
  type = {Report 2004-12},
}

@misc{Langtangen_talk_2007a,
  title = {Computational Modeling of Huge Tsunamis From Asteroid Impacts},
  author = {H. P. Langtangen},
  year = {2007},
  month = {May},
  howpublished = {Invited keynote lecture at the \emph{International conference on Computational Science 2007 (ICCS'07)}, Beijing, China},
}
